@article{StachelekNationalEutrophicationSurvey2017,
  timestamp = {2017-09-04T14:47:03Z},
  title = {The {{National Eutrophication Survey}}: Lake Characteristics and Historical Nutrient Concentrations},
  issn = {1866-3591},
  shorttitle = {The {{National Eutrophication Survey}}},
  doi = {10.5194/essd-2017-52},
  language = {en},
  urldate = {2017-09-04},
  journal = {Earth System Science Data Discussions},
  author = {Stachelek, J. and Ford, C. and Kincaid, D. and King, K. and Miller, H. and Nagelkirk, R.},
  month = jul,
  year = {2017},
  pages = {1--11},
  file = {essd-2017-52.pdf:/home/jose/Zotero/storage/YUIIQHT5/essd-2017-52.pdf:application/pdf}
}